{
  "leader": "02631cam a22003971  4500",
  "fields": [
    {
      "001": "ocm14670597\\"
    },
    {
      "003": "OCoLC"
    },
    {
      "005": "20211008121247.0"
    },
    {
      "008": "810920s1954\\\\\\\\maua\\\\\\\\\\b\\\\\\\\001\\0\\eng\\\\"
    },
    {
      "010": {
        "ind1": "\\",
        "ind2": "\\",
        "subfields": [
          {
            "a": "   54009328 "
          }
        ]
      }
    },
    {
      "040": {
        "ind1": "\\",
        "ind2": "\\",
        "subfields": [
          {
            "a": "DLC"
          },
          {
            "b": "eng"
          },
          {
            "c": "DLC"
          },
          {
            "d": "NLM"
          },
          {
            "d": "VYL"
          },
          {
            "d": "UKM"
          },
          {
            "d": "LTM"
          },
          {
            "d": "CGC"
          },
          {
            "d": "DRB"
          },
          {
            "d": "AU@"
          },
          {
            "d": "UKMGB"
          },
          {
            "d": "UOH"
          },
          {
            "d": "OCLCF"
          },
          {
            "d": "OCLCQ"
          },
          {
            "d": "OCLCO"
          },
          {
            "d": "OCLCA"
          }
        ]
      }
    },
    {
      "016": {
        "ind1": "7",
        "ind2": "\\",
        "subfields": [
          {
            "a": "40920920R"
          },
          {
            "2": "DNLM"
          }
        ]
      }
    },
    {
      "016": {
        "ind1": "7",
        "ind2": "\\",
        "subfields": [
          {
            "a": "008881964"
          },
          {
            "2": "Uk"
          }
        ]
      }
    },
    {
      "019": {
        "ind1": "\\",
        "ind2": "\\",
        "subfields": [
          {
            "a": "2693293"
          },
          {
            "a": "499275300"
          },
          {
            "a": "977849663"
          }
        ]
      }
    },
    {
      "035": {
        "ind1": "\\",
        "ind2": "\\",
        "subfields": [
          {
            "a": "(OCoLC)14670597"
          },
          {
            "z": "(OCoLC)2693293"
          },
          {
            "z": "(OCoLC)499275300"
          },
          {
            "z": "(OCoLC)977849663"
          }
        ]
      }
    },
    {
      "042": {
        "ind1": "\\",
        "ind2": "\\",
        "subfields": [
          {
            "a": "premarc"
          }
        ]
      }
    },
    {
      "050": {
        "ind1": "0",
        "ind2": "0",
        "subfields": [
          {
            "a": "QP187"
          },
          {
            "b": ".K57"
          }
        ]
      }
    },
    {
      "060": {
        "ind1": "0",
        "ind2": "0",
        "subfields": [
          {
            "a": "WK 350"
          },
          {
            "b": "K62p 1954"
          }
        ]
      }
    },
    {
      "082": {
        "ind1": "0",
        "ind2": "4",
        "subfields": [
          {
            "a": "612.492"
          },
          {
            "b": "KIT"
          }
        ]
      }
    },
    {
      "100": {
        "ind1": "1",
        "ind2": "\\",
        "subfields": [
          {
            "a": "Kitay, Julian I."
          }
        ]
      }
    },
    {
      "245": {
        "ind1": "1",
        "ind2": "4",
        "subfields": [
          {
            "a": "The pineal gland ;"
          },
          {
            "b": "a review of the physiologic literature /"
          },
          {
            "c": "by Julian I. Kitay and Mark D. Altschule."
          }
        ]
      }
    },
    {
      "260": {
        "ind1": "\\",
        "ind2": "\\",
        "subfields": [
          {
            "a": "Cambridge, Mass.,"
          },
          {
            "b": "Commonwealth Fund,"
          },
          {
            "c": "1954."
          }
        ]
      }
    },
    {
      "300": {
        "ind1": "\\",
        "ind2": "\\",
        "subfields": [
          {
            "a": "xiv, 280 pages"
          },
          {
            "b": "illustrations"
          }
        ]
      }
    },
    {
      "336": {
        "ind1": "\\",
        "ind2": "\\",
        "subfields": [
          {
            "a": "text"
          },
          {
            "b": "txt"
          },
          {
            "2": "rdacontent"
          }
        ]
      }
    },
    {
      "337": {
        "ind1": "\\",
        "ind2": "\\",
        "subfields": [
          {
            "a": "unmediated"
          },
          {
            "b": "n"
          },
          {
            "2": "rdamedia"
          }
        ]
      }
    },
    {
      "338": {
        "ind1": "\\",
        "ind2": "\\",
        "subfields": [
          {
            "a": "volume"
          },
          {
            "b": "nc"
          },
          {
            "2": "rdacarrier"
          }
        ]
      }
    },
    {
      "504": {
        "ind1": "\\",
        "ind2": "\\",
        "subfields": [
          {
            "a": "Includes bibliographical references (pages 107-271) and index."
          }
        ]
      }
    },
    {
      "505": {
        "ind1": "0",
        "ind2": "\\",
        "subfields": [
          {
            "a": "Part One. PINEAL PHYSIOLOGY -- I. Characteristics of the Pineal Gland -- II. Chief Methods of Investigating Pineal Function -- III. Bodily Growth and Development -- IV. The Pituitary Gland in General -- V. Pituitary Gonadotrophin and the Gonads -- VI. Corticotrophin and the Adrenal Cortex -- VII. Thyrotrophin and the Thyroid Gland -- VIII. Pancreas, Parathyroid Glands, and Thymus -- IX. Skin Pigmentation -- X. Carbohydrate, Lipid, Protein, and Electrolyte Metabolism -- XI. Tumor Growth -- XII. Relations of Various Factors to the Pineal Gland -- XIII. Miscellaneous Studies in Pinealectomized Animals -- XIV. Immediate Effects of Pineal Extracts -- XV. Clinical Use of Pineal Extracts -- Part Two. CLINICAL CORRELATIONS -- XVI. Pineal Calcification -- XVII. Pineal Tumors -- XVIII. Gonadal Changes Associated with Pineal Tumors -- XIX. Pineal Hypoplasia; Absence of the Pineal Gland -- XX. Miscellaneous Findings -- CONCLUDING COMMENT -- Bibliography -- Appendices to bibliography -- I. Pineal anatomy, embryology, and histology -- II. Review and related papers -- Index -- List of illustrations."
          }
        ]
      }
    },
    {
      "650": {
        "ind1": "\\",
        "ind2": "0",
        "subfields": [
          {
            "a": "Pineal gland."
          }
        ]
      }
    },
    {
      "650": {
        "ind1": "\\",
        "ind2": "2",
        "subfields": [
          {
            "a": "Pineal Gland."
          },
          {
            "0": "https://id.nlm.nih.gov/mesh/D010870"
          }
        ]
      }
    },
    {
      "650": {
        "ind1": "\\",
        "ind2": "7",
        "subfields": [
          {
            "a": "Pineal gland."
          },
          {
            "2": "fast"
          },
          {
            "0": "(OCoLC)fst01064270"
          }
        ]
      }
    },
    {
      "700": {
        "ind1": "1",
        "ind2": "\\",
        "subfields": [
          {
            "a": "Altschule, Mark D."
          }
        ]
      }
    },
    {
      "776": {
        "ind1": "0",
        "ind2": "8",
        "subfields": [
          {
            "i": "Online version:"
          },
          {
            "a": "Kitay, Julian I."
          },
          {
            "t": "Pineal gland; a review of the physiologic literature."
          },
          {
            "d": "Cambridge, Mass., Commonwealth Fund, 1954"
          },
          {
            "w": "(OCoLC)609578165"
          }
        ]
      }
    },
    {
      "994": {
        "ind1": "\\",
        "ind2": "\\",
        "subfields": [
          {
            "a": "Z0"
          },
          {
            "b": "NYRVC"
          }
        ]
      }
    },
    {
      "948": {
        "ind1": "\\",
        "ind2": "\\",
        "subfields": [
          {
            "h": "NO HOLDINGS IN NYRVC - 177 OTHER HOLDINGS"
          }
        ]
      }
    },
    {
      "999": {
        "ind1": "\\",
        "ind2": "\\",
        "subfields": [
          {
            "a": "no barcode"
          }
        ]
      }
    }
  ]
}